% Encoding: UTF-8

@InProceedings{Christensen:2015:ARP:2775280.2792555,
  author =    {Christensen, Per H.},
  title =     {An Approximate Reflectance Profile for Efficient Subsurface Scattering},
  booktitle = {ACM SIGGRAPH 2015 Talks},
  year =      {2015},
  series =    {SIGGRAPH '15},
  pages =     {25:1--25:1},
  address =   {New York, NY, USA},
  publisher = {ACM},
  acmid =     {2792555},
  articleno = {25},
  doi =       {10.1145/2775280.2792555},
  file =      {:D\:\\docs\\mt\\refs_pdf\\2015_pixar_Approx_Reflectance_Profiles_SSS.pdf:PDF},
  isbn =      {978-1-4503-3636-9},
  location =  {Los Angeles, California},
  numpages =  {1},
  url =       {http://doi.acm.org/10.1145/2775280.2792555}
} 

@inproceedings{Clinton09,
 author = {Clinton, Andrew and Elendt, Mark},
 title = {Rendering Volumes with Microvoxels},
 booktitle = {SIGGRAPH 2009: Talks},
 series = {SIGGRAPH '09},
 year = {2009},
 isbn = {978-1-60558-834-6},
 location = {New Orleans, Louisiana},
 pages = {47:1--47:1},
 articleno = {47},
 numpages = {1},
 url = {http://doi.acm.org/10.1145/1597990.1598037},
 doi = {10.1145/1597990.1598037},
 acmid = {1598037},
 publisher = {ACM},
 address = {New York, NY, USA},
}
@inproceedings{Cook87,
 author = {Cook, Robert L. and Carpenter, Loren and Catmull, Edwin},
 title = {The Reyes Image Rendering Architecture},
 booktitle = {Proceedings of the 14th Annual Conference on Computer Graphics and Interactive Techniques},
 series = {SIGGRAPH '87},
 year = {1987},
 isbn = {0-89791-227-6},
 pages = {95--102},
 numpages = {8},
 url = {http://doi.acm.org/10.1145/37401.37414},
 doi = {10.1145/37401.37414},
 acmid = {37414},
 publisher = {ACM},
 address = {New York, NY, USA},
}

@InProceedings{D'Eon:2011:QMR:1964921.1964951,
  author =    {D'Eon, Eugene and Irving, Geoffrey},
  title =     {A Quantized-diffusion Model for Rendering Translucent Materials},
  booktitle = {ACM SIGGRAPH 2011 Papers},
  year =      {2011},
  series =    {SIGGRAPH '11},
  pages =     {56:1--56:14},
  address =   {New York, NY, USA},
  publisher = {ACM},
  acmid =     {1964951},
  articleno = {56},
  doi =       {10.1145/1964921.1964951},
  file =      {:D\:\\docs\\mt\\refs_pdf\\2011_deon_Quantized_Diffusion_SSS.pdf:PDF},
  isbn =      {978-1-4503-0943-1},
  keywords =  {BSSRDF, diffusion, layered materials, reflection models, searchlight problem, subsurface scattering, transport theory},
  location =  {Vancouver, British Columbia, Canada},
  numpages =  {14},
  url =       {http://doi.acm.org/10.1145/1964921.1964951}
}

@InProceedings{Donner:2005:LDM:1186822.1073308,
  author =    {Donner, Craig and Jensen, Henrik Wann},
  title =     {Light Diffusion in Multi-layered Translucent Materials},
  booktitle = {ACM SIGGRAPH 2005 Papers},
  year =      {2005},
  series =    {SIGGRAPH '05},
  pages =     {1032--1039},
  address =   {New York, NY, USA},
  publisher = {ACM},
  acmid =     {1073308},
  doi =       {10.1145/1186822.1073308},
  file =      {:D\:\\docs\\mt\\refs_pdf\\2005_donner_jensen_layered_diffusion_multipole.pdf:PDF},
  keywords =  {BSSRDF, diffusion theory, global illumination, layered materials, light transport, realistic image synthesis, reflection models, subsurface scattering},
  location =  {Los Angeles, California},
  numpages =  {8},
  url =       {http://doi.acm.org/10.1145/1186822.1073308}
}

@Article{Donner:2009:EBM,
  author =  {Craig Donner and Jason Lawrence and Ravi Ramamoorthi and Toshiya Hachisuka and Henrik Jensen and Shree Nayar},
  title =   {An Empirical BSSRDF Model},
  journal = {ACM Transactions on Graphics (SIGGRAPH 09)},
  year =    {2009},
  volume =  {28},
  number =  {3},
  month =   jul,
  file =    {:D\:\\docs\\mt\\refs_pdf\\2009_empirical_bssrdf.pdf:PDF},
  url =     {http://graphics.cs.berkeley.edu/papers/Donner-EBM-2009-07/}
}

@InProceedings{EGWR:EGSR06:409-417,
  author =    {Donner, Craig and Jensen, Henrik Wann},
  title =     {A Spectral BSSRDF for Shading Human Skin},
  booktitle = {Symposium on Rendering},
  year =      {2006},
  editor =    {Tomas Akenine-Moeller and Wolfgang Heidrich},
  publisher = {The Eurographics Association},
  doi =       {10.2312/EGWR/EGSR06/409-417},
  file =      {:D\:\\docs\\mt\\refs_pdf\\2006_egsr_skin.pdf:PDF},
  isbn =      {3-905673-35-5},
  issn =      {1727-3463}
}

@InProceedings{Habel:2013:PBD:2600890.2600896,
  author =    {Habel, Ralf and Christensen, Per H. and Jarosz, Wojciech},
  title =     {Photon Beam Diffusion: A Hybrid Monte Carlo Method for Subsurface Scattering},
  booktitle = {Proceedings of the Eurographics Symposium on Rendering},
  year =      {2013},
  series =    {EGSR '13},
  pages =     {27--37},
  address =   {Aire-la-Ville, Switzerland, Switzerland},
  publisher = {Eurographics Association},
  acmid =     {2600896},
  doi =       {10.1111/cgf.12148},
  file =      {:D\:\\docs\\mt\\refs_pdf\\2013_PhotonBeamDiffusion_SSS.pdf:PDF},
  location =  {Zaragoza, Spain},
  numpages =  {11},
  url =       {http://dx.doi.org/10.1111/cgf.12148}
}

@Inbook{Jacques1995,
author="Jacques, Steven L.
and Wang, Lihong",
editor="Welch, Ashley J.
and Gemert, Martin J. C.",
chapter="Monte Carlo Modeling of Light Transport in Tissues",
title="Optical-Thermal Response of Laser-Irradiated Tissue",
year="1995",
publisher="Springer US",
address="Boston, MA",
pages="73--100",
isbn="978-1-4757-6092-7",
doi="10.1007/978-1-4757-6092-7_4",
url="http://dx.doi.org/10.1007/978-1-4757-6092-7_4"
}

@PhdThesis{jarosz08thesis,
  author = {Wojciech Jarosz},
  title =  {Efficient Monte Carlo Methods for Light Transport in Scattering Media},
  school = {UC San Diego},
  year =   {2008},
  month =  {September},
  file =   {:D\:\\docs\\mt\\refs_pdf\\2008_jarosz_disser_FULL.pdf:PDF}
}

@InProceedings{Jensen:2001:PMS:383259.383319,
  author =    {Jensen, Henrik Wann and Marschner, Stephen R. and Levoy, Marc and Hanrahan, Pat},
  title =     {A Practical Model for Subsurface Light Transport},
  booktitle = {Proceedings of the 28th Annual Conference on Computer Graphics and Interactive Techniques},
  year =      {2001},
  series =    {SIGGRAPH '01},
  pages =     {511--518},
  address =   {New York, NY, USA},
  publisher = {ACM},
  acmid =     {383319},
  doi =       {10.1145/383259.383319},
  file =      {:D\:\\docs\\mt\\refs_pdf\\2001_jensen_diffuse_approx.pdf:PDF},
  isbn =      {1-58113-374-X},
  keywords =  {BSSRDF, diffusion theory, light transport, realistic image synthesis, reflection models, subsurface scattering},
  numpages =  {8},
  url =       {http://doi.acm.org/10.1145/383259.383319}
}

@InProceedings{Jensen:2002:RHR:566570.566619,
  author =    {Jensen, Henrik Wann and Buhler, Juan},
  title =     {A Rapid Hierarchical Rendering Technique for Translucent Materials},
  booktitle = {Proceedings of the 29th Annual Conference on Computer Graphics and Interactive Techniques},
  year =      {2002},
  series =    {SIGGRAPH '02},
  pages =     {576--581},
  address =   {New York, NY, USA},
  publisher = {ACM},
  acmid =     {566619},
  doi =       {10.1145/566570.566619},
  file =      {:D\:\\docs\\mt\\refs_pdf\\2002_jensen_diffuse_approx_decoupling.pdf:PDF},
  isbn =      {1-58113-521-1},
  keywords =  {BSSRDF, diffusion theory, global illumination, light transport, realistic image synthesis, reflection models, subsurface scattering},
  location =  {San Antonio, Texas},
  numpages =  {6},
  url =       {http://doi.acm.org/10.1145/566570.566619}
}

@Article{journals/cgf/ArbreeWB08,
  author =      {Arbree, Adam and Walter, Bruce and Bala, Kavita},
  title =       {Single-pass Scalable Subsurface Rendering with Lightcuts.},
  journal =     {Comput. Graph. Forum},
  year =        {2008},
  volume =      {27},
  number =      {2},
  pages =       {507-516},
  added-at =    {2008-09-18T00:00:00.000+0200},
  biburl =      {http://www.bibsonomy.org/bibtex/218b78cb1948eed866054409c6ca04dfd/dblp},
  date =        {2008-09-18},
  description = {dblp},
  ee =          {http://dx.doi.org/10.1111/j.1467-8659.2008.01148.x},
  file =        {:D\:\\docs\\mt\\refs_pdf\\2008_SubsurfaceLightcuts.pdf:PDF},
  interhash =   {ebe8c4d371ae9c4048be49d4255997b2},
  intrahash =   {18b78cb1948eed866054409c6ca04dfd},
  keywords =    {dblp},
  timestamp =   {2008-09-19T11:34:53.000+0200},
  url =         {http://dblp.uni-trier.de/db/journals/cgf/cgf27.html#ArbreeWB08}
}

@inproceedings{Lokovic00,
 author = {Lokovic, Tom and Veach, Eric},
 title = {Deep Shadow Maps},
 booktitle = {Proceedings of the 27th Annual Conference on Computer Graphics and Interactive Techniques},
 series = {SIGGRAPH '00},
 year = {2000},
 isbn = {1-58113-208-5},
 pages = {385--392},
 numpages = {8},
 url = {http://dx.doi.org/10.1145/344779.344958},
 doi = {10.1145/344779.344958},
 acmid = {344958},
 publisher = {ACM Press/Addison-Wesley Publishing Co.},
 address = {New York, NY, USA},
}

@book{Nguyen:2007:GG:1407436,
 author = {Nguyen, Hubert},
 title = {Gpu Gems 3},
 year = {2007},
 isbn = {9780321545428},
 edition = {First},
 publisher = {Addison-Wesley Professional},
}

@InProceedings{Pharr:2000:MCE:344779.344824,
  author =    {Pharr, Matt and Hanrahan, Pat},
  title =     {Monte Carlo Evaluation of Non-linear Scattering Equations for Subsurface Reflection},
  booktitle = {Proceedings of the 27th Annual Conference on Computer Graphics and Interactive Techniques},
  year =      {2000},
  series =    {SIGGRAPH '00},
  pages =     {75--84},
  address =   {New York, NY, USA},
  publisher = {ACM Press/Addison-Wesley Publishing Co.},
  acmid =     {344824},
  doi =       {10.1145/344779.344824},
  file =      {:D\:\\docs\\mt\\refs_pdf\\2000_ground_truth_BSSRDF_Pharr.pdf:PDF;Slides:D\:\\docs\\mt\\refs_pdf\\2000_ground_truth_BSSRDF_Pharr-slides.pdf:PDF},
  isbn =      {1-58113-208-5},
  keywords =  {Chandrasehkar's equation, Monte Carlo techniques, adding equations, equation of transfer, illumination, invariant imbedding, principles of invariance, reflectance and shading models, rendering, scattering function},
  numpages =  {10},
  url =       {http://dx.doi.org/10.1145/344779.344824}
}

@Inbook{Stam1995,
author="Stam, Jos",
editor="Hanrahan, Patrick M.
and Purgathofer, Werner",
chapter="Multiple scattering as a diffusion process",
title="Rendering Techniques '95: Proceedings of the Eurographics Workshop in Dublin, Ireland, June 12--14, 1995",
year="1995",
publisher="Springer Vienna",
address="Vienna",
pages="41--50",
isbn="978-3-7091-9430-0",
doi="10.1007/978-3-7091-9430-0_5",
url="http://dx.doi.org/10.1007/978-3-7091-9430-0_5"
}

